

@ARTICLE{ DanielW,
  author ="J  Potworowski and W Jakuczun  and S  Lȩski and D  Wójcik",
  title  ="Kernel Current Source Density Method",
  journal="Neural Comput.",
  volume =24,
  number =2,
  pages  ="541-575",
  month  =feb,
  year   =2012,
}


@ARTICLE{Nicholson,
  author ="Carla Nicholson and James A. Freeman",
  title  ="Theory of current source density
analysis and determination of conductivity tensor for anuran
crebellum",
  journal="J. Neurophysiol.",
  volume =38,
 number=2,
  pages  ="356-368 ",
month  =march,
  year   =1975,
}



@ARTICLE{Soma,
  author ="Z Somogyvári  and D Cserpán and I Ulbert and P Erdi ",
  title  ="Localization of single-cell current sources based on extracellular potential patterns: the spike CSD method.",
  journal="Eur J Neurosci.",
  volume =36,
 number=10,
  pages  ="3299-3313 ",
month  =nov,
  year   =2012,
}

@ARTICLE{LFPy,
  author ="H Linden  and  E Hagen and S Leski  and E Norheim  and H Pettersen  and G Einevoll ",
  title  ="LFPy: A tool for simulation of extracellular potentials.",
  journal="Front Neuroinforn.",
  
 number=147,
 
month = alma,
  year   =2011,
}